% This file was created with Citavi 5.4.0.2

@article{Lansford.2001,
 author = {Lansford, J. and Stephens, A. and Nevo, R.},
 year = {2001},
 title = {{Wi-Fi (802.11b) and Bluetooth: Enabling Coexistence}},
 pages = {20--27},
 volume = {15},
 number = {5},
 journal = {{IEEE Network}}
}


@inproceedings{Wyffels.2014,
 author = {Wyffels, Jeroen and Goemaere, Jean-Pierre and Nauwelaers, Bart and de Strycker, Lieven},
 title = {{Influence of Bluetooth Low Energy on WIFI Communications and Vice Versa}},
 pages = {205--216},
 booktitle = {{Proceedings of the European Conference on the Use of Modern Information and Communication Technologies (ECUMICT)}},
 year = {2014}
}


